<collection xmlns="http://www.loc.gov/MARC21/slim">
<record>
  <leader>01236nam0a22002171i 450 </leader>
  <controlfield tag="001">IT\ICCU\CNCE\078102</controlfield>
  <controlfield tag="005">20131104000000.0</controlfield>
  <datafield tag="012" ind1=" " ind2=" ">
    <subfield code="a">a-te iare neoa eteb (C) 1594 (R)</subfield>
    <subfield code="2">fei</subfield>
  </datafield>
  <datafield tag="100" ind1=" " ind2=" ">
    <subfield code="a">20130517d1594        0itac0103    ba</subfield>
  </datafield>
  <datafield tag="101" ind1=" " ind2=" ">
    <subfield code="a">ITA</subfield>
  </datafield>
  <datafield tag="102" ind1=" " ind2=" ">
    <subfield code="a">IT</subfield>
  </datafield>
  <datafield tag="200" ind1="1" ind2=" ">
    <subfield code="a">Gioiello della corona per le nobili, e virtuose donne libro quarto. Nel quale si dimostra altri nuovi bellissimi dissegni di tutte le sorte di mostre di punti in aria, punti tagliati, &amp; a reticello; cosi per freggi, come per merli, &amp; rosette, che con l&apos;aco si vsano hoggidi per tutta Europa. Et molte delle quali mostre possono servire anchora per opere a mazzette. Nuovamente posto in luce con molte bellissime inventioni non mai piu vsate, ne vedute</subfield>
  </datafield>
  <datafield tag="210" ind1=" " ind2=" ">
    <subfield code="a">In Venetia</subfield>
    <subfield code="c">appresso Cesare Vecellio</subfield>
    <subfield code="d">in Frezzaria nelle case de i preti</subfield>
    <subfield code="d">1594</subfield>
  </datafield>
  <datafield tag="215" ind1=" " ind2=" ">
    <subfield code="a">\32! c.</subfield>
    <subfield code="c">in gran parte ill.</subfield>
    <subfield code="d">4ʻ obl</subfield>
  </datafield>
  <datafield tag="620" ind1=" " ind2=" ">
    <subfield code="a">IT</subfield>
    <subfield code="d">Venezia</subfield>
  </datafield>
  <datafield tag="700" ind1=" " ind2="1">
    <subfield code="a">Vecellio,</subfield>
    <subfield code="b">Cesare</subfield>
    <subfield code="3">IT\ICCU\CNCA\008850</subfield>
  </datafield>
  <datafield tag="712" ind1="0" ind2="0">
    <subfield code="a">Vecellio, Cesare</subfield>
    <subfield code="3">IT\ICCU\CNCT\003348</subfield>
    <subfield code="4">650</subfield>
  </datafield>
  <datafield tag="790" ind1=" " ind2="1">
    <subfield code="a">Vecelli,</subfield>
    <subfield code="b">Cesare</subfield>
    <subfield code="3">IT\ICCU\CNCA\024536</subfield>
    <subfield code="z">Vecellio, Cesare</subfield>
  </datafield>
  <datafield tag="791" ind1="0" ind2="0">
    <subfield code="a">Vicellio, Cesare</subfield>
    <subfield code="3">IT\ICCU\CNCT\003349</subfield>
    <subfield code="z">Vecellio, Cesare</subfield>
  </datafield>
  <datafield tag="801" ind1=" " ind2="3">
    <subfield code="a">IT</subfield>
    <subfield code="b">ICCU</subfield>
    <subfield code="c">20201115</subfield>
  </datafield>
  <datafield tag="899" ind1=" " ind2=" ">
    <subfield code="a">Biblioteca civica. Belluno</subfield>
    <subfield code="z">MUTILO</subfield>
    <subfield code="1">BL0006</subfield>
    <subfield code="2">VIA CB</subfield>
  </datafield>
</record>
</collection>
